<?xml version="1.0" encoding="UTF-8"?>
<record xmlns="http://www.loc.gov/MARC21/slim">
   <leader>01041cam a2200301 a 4500</leader>
   <controlfield tag="001">3195527</controlfield>
   <controlfield tag="003">NjP</controlfield>
   <controlfield tag="005">20190705145757.0</controlfield>
   <controlfield tag="008">000104m19371938ua acdf       010 0 araod</controlfield>
   <datafield tag="024" ind1="7" ind2=" ">
      <subfield code="a">princeton_aco004928</subfield>
      <subfield code="2">local</subfield>
   </datafield>
   <datafield ind1=" " ind2=" " tag="035">
      <subfield code="a">(NBISU)notisAFV1952</subfield>
   </datafield>
   <datafield ind1=" " ind2=" " tag="035">
      <subfield code="a">(CStRLIN)NYBG00-B0</subfield>
   </datafield>
   <datafield ind1=" " ind2=" " tag="035">
      <subfield code="9">HA00260TS</subfield>
   </datafield>
   <datafield ind1=" " ind2=" " tag="035">
      <subfield code="a">(NjP)3195527</subfield>
   </datafield>
   <datafield ind1=" " ind2=" " tag="040">
      <subfield code="a">UaCaAUL</subfield>
      <subfield code="c">PUL</subfield>
      <subfield code="d">PUL</subfield>
   </datafield>
   <datafield ind1=" " ind2=" " tag="043">
      <subfield code="a">f-ua---</subfield>
   </datafield>
   <datafield ind1=" " ind2=" " tag="049">
      <subfield code="a">PULL</subfield>
   </datafield>
   <datafield ind1=" " ind2=" " tag="035">
      <subfield code="a">(OCoLC)ocn168779755</subfield>
   </datafield>
   <datafield ind1="0" ind2="3" tag="245">
      <subfield code="6">880-01</subfield>
      <subfield code="a">al-Kitāb al-dhahabī lil-maḥākim al-ahlīyah :</subfield>
      <subfield code="b">1883-1933.</subfield>
   </datafield>
   <datafield ind1=" " ind2=" " tag="260">
      <subfield code="6">880-02</subfield>
      <subfield code="a">Būlāq, Miṣr :</subfield>
      <subfield code="b">al-Maṭbaʻah al-Amīrīyah,</subfield>
      <subfield code="c">1937-1938.</subfield>
   </datafield>
   <datafield ind1=" " ind2=" " tag="300">
      <subfield code="a">2 v. (various pagings) :</subfield>
      <subfield code="b">ill., ports. ;</subfield>
      <subfield code="c">31 cm.</subfield>
   </datafield>
   <datafield ind1=" " ind2="0" tag="650">
      <subfield code="a">Courts</subfield>
      <subfield code="z">Egypt</subfield>
      <subfield code="x">History.</subfield>
   </datafield>
   <datafield ind1=" " ind2="0" tag="650">
      <subfield code="a">Justice, Administration of</subfield>
      <subfield code="z">Egypt</subfield>
      <subfield code="x">History.</subfield>
   </datafield>
   <datafield ind1=" " ind2="0" tag="650">
      <subfield code="a">Judges</subfield>
      <subfield code="z">Egypt.</subfield>
   </datafield>
   <datafield ind1="0" ind2="2" tag="880">
      <subfield code="6">245-01/r</subfield>
      <subfield code="a">الكتاب الذهبي للمحاكم الاهلية :</subfield>
      <subfield code="b">1883-1933.</subfield>
   </datafield>
   <datafield ind1=" " ind2=" " tag="880">
      <subfield code="6">260-02/r</subfield>
      <subfield code="a">بولاق، مصر :</subfield>
      <subfield code="b">المطبعة الاميرية،</subfield>
      <subfield code="c">1937-1938.</subfield>
   </datafield>
   <datafield ind1=" " ind2=" " tag="998">
      <subfield code="s">9115</subfield>
   </datafield>
   <datafield ind1=" " ind2=" " tag="994">
      <subfield code="a">C0</subfield>
      <subfield code="b">PUL</subfield>
   </datafield>
   <datafield ind1=" " ind2=" " tag="999">
      <subfield code="a">3195527</subfield>
   </datafield>
   <datafield ind1=" " ind2=" " tag="979">
      <subfield code="a">(OCoLC)ocn179093975</subfield>
   </datafield>
   <datafield ind1="0" ind2="0" tag="852">
      <subfield code="0">3513930</subfield>
      <subfield code="b">nec</subfield>
      <subfield code="h">KRM1572</subfield>
      <subfield code="i">.K583 1937q</subfield>
   </datafield>
   <datafield ind1=" " ind2="0" tag="866">
      <subfield code="0">3513930</subfield>
      <subfield code="a">al-Juzʾ 1-al-juzʾ 2</subfield>
   </datafield>
   <datafield ind1=" " ind2=" " tag="866">
      <subfield code="0">3513930</subfield>
      <subfield code="x">DESIGNATOR: al-juzʾ</subfield>
   </datafield>
   <datafield ind1=" " ind2=" " tag="959">
      <subfield code="a">2000-06-13 00:00:00 -0400</subfield>
   </datafield>
</record>
